@misc{eInvoicingNorway,
  title    = {E-invoicing in {Norway} - {What} {Do} {I} {Need} to {Know}?},
  url      = {https://ecosio.com/en/blog/e-invoicing-in-norway/},
  language = {en-US},
  author   = {Will Smith},
  journal  = {ecosio},
  month    = may,
  year     = {2020}
}